Plačiau apie šaltinių tipus ir jų atributus:
http://mirror.datacenter.by/pub/mirrors/CTAN/macros/latex/contrib/biblatex/doc/biblatex.pdf#subsection.2.1

@article{PvzStraipsnLt,
    author={A. Pavardenis and B. Pavardonis and C. Pavardauskas},
    title={Straipsnio pavadinimas},
    journal={Žurnalo pavadinimas},
    year={2001},
    volume={IV},
    pages={8-17},
} 

@article{PvzStraipsnEn,
    author={A. Surname and B. Tsurname and C. Usurname},
    title={Article Title},
    journal={Journal Title},
    year={2001},
    volume={IV},
    pages={3-15},
    langid={english},
} 

@inproceedings{PvzKonfLt,
    author={A. Pavardenis and B. Pavardonis and C. Pavardauskas and D. Pavardinskas},
    title={Straipsnio pavadinimas},
    booktitle={Rinkinio pavadinimas},
    year={2002},
    publisher={Leidykla},
    address={Miestas, šalis},
    pages={3-15},
}

@inproceedings{PvzKonfEn,
    author={A. Surname and B. Tsurname and C. Usurname and D. Vsurname},
    title={Article title},
    booktitle={Conference book title},
    year={2002},
    publisher={Publisher},
    address={City, country},
    pages={3-15},
    langid={english},
}

@book{PvzKnygLt,  
    author={A. Pavardenis and B. Pavardonis and C. Pavardauskas},
    title={Knygos pavadinimas},
    publisher={Leidykla},
    year={2003},
    address={Miestas, šalis},
    note={172 psl.},
}

@book{PvzKnygEn,  
    author={A. Surname and B. Tsurname and C. Usurname},
    title={Book title},
    publisher={Publisher},
    year={2003},
    address={City, country},
    note={172 p.},
    langid={english},
}

@misc{PvzElPubLt,
    author={A. Pavardenis and B. Pavardonis and C. Pavardauskas},
    title={Elektroninės publikacijos pavadinimas},
    howpublished={\url{http://example.com/kelias/iki/straipsnio.pdf}},
    year={2004}, 
    note={45 KB, tikrinta 2015-02-01},
}

@misc{PvzElPubEn,
    author={A. Surname and B. Tsurname and C. Usurname},
    title={Online Publication Title},
    howpublished={\url{http://example.com/path/to/the/article.pdf}},
    year={2004}, 
    note={45 KB, accessed 2015-02-01.},
    langid={english},
}

@mastersthesis{PvzMagistrLt,
    author={A. Pavardonis},
    title={Magistrinio darbo pavadinimas},
    school={Universiteto pavadinimas},
    year={2005},
}

@phdthesis{PvzPhdEn,
    author={A. Surname},
    title={Ttitle fo PhD thesis},
    school={Title of university},
    year={2005},
    langid={english},
}

@misc{NeurotechnologyMegamatcherAccelerator,
    author={UAB Neurotechnology},
    title={MegaMatcher Accelerator Solution for large-scale multi-biometric systems},
    howpublished={\url{http://download.neurotechnology.com/MegaMatcher_Accelerator_Brochure_2018-07-26.pdf}},
    year={2018},
    note={tikrinta 2018-09-11},
}

@misc{NeurotechnologyDRCDedublicationProject,
    author={UAB Neurotechnology},
    title={Neurotechnology Identifies More Than 5 Million Duplicates in Massive Voter Deduplication in Democratic Republic of the Congo},
    howpublished={\url{http://www.neurotechnology.com/press_release_megamatcher_abis_congo_dr_voter_deduplication.html}},
    year={2018},
    note={tikrinta 2018-09-07},
}

@misc{NeurotechnologyVenezuelaDedublicationProject,
    author={UAB Neurotechnology},
    title={Venezuela’s New Biometric Voter Registration System},
    howpublished={\url{http://www.neurotechnology.com/download/CaseStudy_Venezuela_Voter_Registration_System.pdf}},
    year={2012},
    note={tikrinta 2018-09-07},
}

@article{marcel2000modeling,
    title={Modeling and querying multidimensional databases: An overview},
    author={Marcel, Patrick},
    journal={Networking and Information Systems Journal},
    volume={2},
    number={5/6},
    pages={515--548},
    year={2000},
    publisher={Citeseer}
}

@article{mccracken2003backus,
	title={Backus-naur form (bnf)},
	author={McCracken, Daniel D and Reilly, Edwin D},
	year={2003},
	publisher={John Wiley and Sons Ltd.}
}

@book{hrbacek1999introduction,
	title={Introduction to Set Theory, Revised and Expanded},
	author={Hrbacek, Karel and Jech, Thomas},
	year={1999},
	publisher={Crc Press}
}

@article{gaede1998multidimensional,
  title={Multidimensional access methods},
  author={Gaede, Volker and G{\"u}nther, Oliver},
  journal={ACM Computing Surveys (CSUR)},
  volume={30},
  number={2},
  pages={170--231},
  year={1998},
  publisher={ACM}
}

@book{bader2012space,
  title={Space-filling curves: an introduction with applications in scientific computing},
  author={Bader, Michael},
  volume={9},
  year={2012},
  publisher={Springer Science \& Business Media}
}

@article{lu1993spatial,
  title={Spatial indexing: Past and future},
  author={Lu, Hongjun and Ooi, Beng Chin},
  journal={IEEE Data Eng. Bull.},
  volume={16},
  number={3},
  pages={16--21},
  year={1993}
}

@inproceedings{nievergelt1981grid,
  title={The grid file: An adaptable, symmetric multi-key file structure},
  author={Nievergelt, J{\"u}rg and Hinterberger, Hans and Sevcik, Kenneth C},
  booktitle={Conference of the European Cooperation in Informatics},
  pages={236--251},
  year={1981},
  organization={Springer}
}

@inproceedings{tamminen1982excell,
  title={The EXCELL method for efficient geometric access to data},
  author={Tamminen, Markku and Sulonen, Reijo},
  booktitle={Design Automation, 1982. 19th Conference on},
  pages={345--351},
  year={1982},
  organization={IEEE}
}

@book{garcia2000database,
  title={Database system implementation},
  author={Garcia-Molina, Hector and Ullman, Jeffrey D and Widom, Jennifer},
  volume={654},
  pages={34--38},
  year={2000},
  publisher={Prentice Hall Upper Saddle River, NJ:}
}

