@incollection{abyarjoo2015implementing,
  title={Implementing a sensor fusion algorithm for 3D orientation detection with inertial/magnetic sensors},
  author={Abyarjoo, Fatemeh and Barreto, Armando and Cofino, Jonathan and Ortega, Francisco R},
  booktitle={Innovations and Advances in Computing, Informatics, Systems Sciences, Networking and Engineering},
  year={2015},
  publisher={Springer}
}


@incollection{magnussen2011modeling,
  title={Modeling, design and experimental study for a quadcopter system construction},
  author={Magnussen, {\O}yvind and Skj{\o}nhaug, Kjell Eivind},
  year={2011},
  publisher={University of Agder}
}

@inproceedings{euston2008complementary,
  title={A complementary filter for attitude estimation of a fixed-wing UAV},
  author={Euston, Mark and Coote, Paul and Mahony, Robert and Kim, Jonghyuk and Hamel, Tarek},
  booktitle={Intelligent Robots and Systems, 2008. IROS 2008. IEEE/RSJ International Conference on},
  pages={340--345},
  year={2008},
  organization={IEEE}
}

@article{kumar2004estimation,
  title={Estimation of attitudes from a low-cost miniaturized inertial platform using Kalman Filter-based sensor fusion algorithm},
  author={Kumar, N Shantha and Jann, T},
  journal={Sadhana},
  volume={29},
  number={2},
  pages={217--235},
  year={2004},
  publisher={Springer}
}

@misc{gibiansky2010quadcopter,
  title={Quadcopter Dynamics, Simulation, and Control},
  author={Gibiansky, Andrew},
  year={2010},
  howpublished={Prieiga per internetą: <{\url{http://andrew.gibiansky.com/downloads/pdf/Quadcopter Dynamics, Simulation, and Control.pdf}}>},
  note={[Žiūrėta: 2015-05-16]}
}





